@misc{fk_data_nomad,
  author = "Florian Knoop",
  date = "2023-03-03",
  howpublished = "personal communication"
}
@misc{archer_usage,
    note        = "Usage data obtained from \url{https://www.archer2.ac.uk/support-access/status.html}, on 2022-12-26. Keys for QM software: \texttt{vasp}, \texttt{castep}, \texttt{nwchem}, \texttt{onetep}, \texttt{siesta}, \texttt{cpmd}, \texttt{elk}, \texttt{gpaw}, \texttt{fhi aims}, \texttt{hande}, \texttt{rmt}, \texttt{casino}, \texttt{ukrmol+}, \texttt{xcompact3d}, \texttt{crystal}, \texttt{quantum espresso}, \texttt{chemshell}, and \texttt{cp2k}. Keys for MD software: \texttt{gromacs}, \texttt{amber}, \texttt{lammps}, \texttt{dl poly}, and \texttt{namd}."
}

@misc{nequip,
    key         = "nequip",
    note        = "The \texttt{nequip} software library is publicly available at \url{https://github.com/mir-group/nequip} under the MIT license.",
    url         = "https://github.com/mir-group/nequip",
}
@misc{schnetpack,
    key         = "schnetpack",
    note        = "The \texttt{schnetpack} software library is publicly available at \url{https://github.com/atomistic-machine-learning/schnetpack/} under the MIT license.",
    url         = "https://github.com/atomistic-machine-learning/schnetpack/",
}

@misc{mace-jax,
    key         = "mace-jax",
    note        = "The \texttt{mace-jax} software library is publicly available at \url{https://github.com/ACEsuit/mace-jax/} under the MIT license.",
    url         = "https://github.com/ACEsuit/mace-jax/",
}

@misc{mace-torch,
    key         = "mace-torch",
    note        = "The \texttt{mace} software library is publicly available at \url{https://github.com/ACEsuit/mace} under the MIT license.",
    url         = "https://github.com/ACEsuit/mace",
}
@misc{mlff,
    note        = "The \texttt{mlff} software library is publicly available at \url{https://github.com/thorben-frank/mlff/}.",
    url         = "https://github.com/thorben-frank/mlff/",
}
@misc{glp,
    note        = "The \texttt{glp} software library is publicly available at \url{https://github.com/sirmarcel/glp/} under the MIT license.",
    url         = "https://github.com/sirmarcel/glp/",
}
@misc{gkx,
    note        = "The \texttt{gkx} software library is publicly available at \url{https://github.com/sirmarcel/gkx/} under the MIT license.",
    url         = "https://github.com/sirmarcel/gkx/",
}

% rep benchmark specific stuff


@misc{availsoap,
    key         = "asoap",
    note        = "Available as part of the software \texttt{libAtoms} (\url{http://www.libatoms.org}, custom license, per webform request)."
}

@misc{availsf,
    key         = "asf",
    note        = "Available as part of the software \texttt{RuNNer} at \url{http://www.uni-goettingen.de/de/560580.html}, GPL license, per email request)."
}

@misc{availmbtr,
    key         = "ambtr",
    note        = "Available as part of the software \texttt{qmmlpack} (quantum mechanics machine learning package) at \url{https://gitlab.com/qmml/qmmlpack}, Apache 2.0 license, publicly accessible."
}

% no longer available
@misc{availmtp,
   key         = "amtpxxx",
   note        = "Code for single-component systems is available as part of the software \texttt{MLIP} (machine learning of interatomic potentials, \url{https://mlip.skoltech.ru/}, BSD license, publicly accessible). Code for multi-component systems is available on request from Alexander Shapeev (\url{a.shapeev@skoltech.ru})."
}

@misc{availbs,
    key         = "abs",
    note        = "Available as part of the software \texttt{LAMMPS} (large-scale atomic/molecular massively parallel simulator, \url{http://lammps.sandia.gov}, GPL license, publicly accessible).",
}

@misc{availqml,
    key         = "abqml",
    note        = "Available as part of the software \texttt{QML} (quantum machine learning, \url{https://www.qmlcode.org/}, MIT license, publicly accessible).",
    doi         = "10.5281/zenodo.817332",
}

@misc{availqm9dft10b,
    key         = "aqm9",
    note        = "Available at the \texttt{QM/ML} website (quantum mechanics/machine learning, \url{https://qmml.org}, publicly accessible).",
}

% 2020-09-18
@misc{availace,
    key         = "aace",
    note        = "An implementation in Julia can be found at \url{https://github.com/ACEsuit/ACE.jl}, ASLv1 license, publicly accessible.",
}

@misc{availdecaf,
    key         = "adecaf",
    note        = "A reference implementation in Python can be found at \url{https://doi.org/10.5281/ZENODO.1054550}, CC~BY-SA~4.0 license, publicly accessible.",
}

@misc{availidmbr,
  key         = "aidmbr",
  note        = "Pseudo-code is available as part of the supporting information at \url{http://pubs.acs.org/doi/abs/10.1021/acs.jctc.8b00110}",
}

@misc{availnice,
    key         = "anice",
    note        = "An implementation in Python can be found at \url{https://github.com/cosmo-epfl/nice}, MIT license, publicly accessible.",
}

@misc{availmilad,
    key         = "amilad",
    note        = "An implementation in Python can be found at \url{https://github.com/muhrin/milad}, GPLv3 license, publicly accessible.",
}

@misc{kaggle,
    key         = "kaggle",
    note        = "Nomad2018 Predicting Transparent Conductors. Predict the key properties of novel transparent semiconductors. Available at \url{https://www.kaggle.com/c/nomad2018-predict-transparent-conductors}",
    url         = "https://www.kaggle.com/c/nomad2018-predict-transparent-conductors",
}

@misc{nomadanalyticstoolkit,
  key         = "nomad",
  note        = "Analytics Toolkit of the Novel Materials Discovery (NOMAD) Laboratory, \url{https://analytics-toolkit.nomad-coe.eu}",
  url         = "https://analytics-toolkit.nomad-coe.eu",
}

@misc{localmbtr2019,
    key         = "dscribe",
    note        = "The \texttt{DScribe} code contains a local MBTR example of this. See \url{https://github.com/SINGROUP/dscribe}.",
    url         = "https://github.com/SINGROUP/dscribe",
}


@misc{cmlkit,
    key         = "acmlkit",
    note        = "The \texttt{cmlkit} Python package is publicly available at \url{https://marcel.science/cmlkit} under an MIT license and as part of the Nomad Analytics Toolkit (\url{https://analytics-toolkit.nomad-coe.eu/}).",
    url         = "https://github.com/sirmarcel/cmlkit",
}

@misc{qmmlpack,
    key         = "ambtr",
    note        = "The \texttt{qmmlpack} (quantum mechanics machine learning package) library is publicly available at \url{https://gitlab.com/qmml/qmmlpack} under the Apache-2.0 license.",
    url         = "https://gitlab.com/qmml/qmmlpack",
}

@misc{arunner,
    key         = "arunner",
    note        = "The \texttt{RuNNer} software (\url{https://www.uni-goettingen.de/de/560580.html}, GPL license) is available from its author J{\"o}rg Behler (\url{joerg.behler@uni-goettingen.de}) on request.",
    url         = "joerg.behler@uni-goettingen.de",
} 

@misc{aquippy,
    key         = "aquippy",
    note        = "The \texttt{quippy} software is publicly available at \url{http://libatoms.github.io/QUIP/} under the GNU General Public license~2.",
    url         = "http://libatoms.github.io/QUIP/",
}

@misc{adscribe,
    key         = "adscribe",
    note        = "The \texttt{DScribe} software library is publicly available at \url{https://github.com/SINGROUP/dscribe} under the Apache-2.0 license.",
    url         = "https://github.com/SINGROUP/dscribe",
}